%%%%%%%%%%%%%%%%%%%%%%%%%%%%%%%%%%%%%%%%
% chapter 01 references
@misc{libretranslate,
  title = {LibreTranslate - Open Source Machine Translation},
  howpublished = {\url{https://libretranslate.com/}},
  note = {Accessed: 2025-07-31}
}

@article{osm,
  author = {Haklay, Mordechai},
  title = {How good is volunteered geographical information? A comparative study of OpenStreetMap and Ordnance Survey datasets},
  journal = {Environment and Planning B: Planning and Design},
  year = {2010},
  volume = {37},
  number = {4},
  pages = {682--703}
}

@article{cultureai,
  title = {Understanding Cultural Sensitivity in AI-Generated Content},
  author = {Nguyen, Linh and Jackson, Peter},
  journal = {AI Ethics},
  year = {2022},
  volume = {2},
  pages = {45--59}
}

@misc{inclusiveTourism,
  title = {Why inclusive tourism matters},
  howpublished = {\url{https://www.unwto.org/tourism-for-inclusive-growth}},
  note = {UNWTO, Accessed: 2025-07-31}
}

@article{modularApps,
  author = {Smith, Adam and Lewis, Jordan},
  title = {Designing Modular Web Applications for Scalability},
  journal = {IEEE Software},
  year = {2021},
  volume = {38},
  number = {2},
  pages = {26--33}
}

@article{responsiveDesign,
  author = {Marcotte, Ethan},
  title = {Responsive Web Design},
  journal = {A List Apart},
  year = {2010},
  number = {306},
  url = {https://alistapart.com/article/responsive-web-design}
}

@misc{gpt_culturetips,
  title = {Cultural AI: How ChatGPT can give travel advice (demo)},
  howpublished = {\url{https://www.youtube.com/watch?v=UoZmyZkNLM8}},
  note = {YouTube, Accessed: 2025-07-31}
}

@article{navUX,
  author = {Van Dijck, Jose},
  title = {Users like you? Theorizing agency in user-generated content},
  journal = {Media, Culture \& Society},
  volume = {31},
  number = {1},
  pages = {41--58},
  year = {2009}
}

@article{localizationUX,
  title = {Cross-cultural user experience design},
  author = {Aykin, Nuray},
  journal = {Proceedings of the International Conference on Human Factors in Computing Systems},
  year = {2005}
}

@article{uxTourism,
  author = {Buhalis, Dimitrios and Amaranggana, Aditya},
  title = {Smart tourism destinations enhancing tourism experience through personalisation of services},
  journal = {Information and Communication Technologies in Tourism},
  year = {2015}
}

@misc{culturegap,
  title = {Navigating Cultural Barriers in Travel},
  howpublished = {\url{https://www.lonelyplanet.com/articles/culture-shock-tips}},
  note = {Lonely Planet, Accessed: 2025-07-31}
}

@article{aiBias,
  author = {Binns, Reuben},
  title = {On the Apparent Conflict Between Individual and Group Fairness in Machine Learning},
  journal = {Proceedings of FAT* 2020},
  year = {2020}
}

@article{agileTeams,
  author = {Moe, Nils Brede and Dingsøyr, Torgeir},
  title = {The impact of team autonomy on software development performance},
  journal = {Empirical Software Engineering},
  volume = {13},
  year = {2008},
  pages = {217--245}
}

@misc{crowdsourcing,
  title = {How Crowdsourcing is Helping Build Better Travel Apps},
  howpublished = {\url{https://www.crowdsourcing.org/document/crowdsourcing-and-tourism}},
  note = {Accessed: 2025-07-31}
}

@misc{vercelMainDeploymentMainPage,
    title = {Getting {Started}: {Deploying} {\textbar} {Next}.js},
	shorttitle = {Getting {Started}},
	url = {https://nextjs.org/docs/pages/getting-started/deploying},
	abstract = {Learn how to deploy your Next.js application.},
	language = {en},
	urldate = {2025-08-03},
}

@misc{Next.jsonVercel,
    title = {Next.js on {Vercel}},
	url = {https://vercel.com/docs/frameworks/full-stack/nextjs},
	abstract = {Vercel is the native Next.js platform, designed to enhance the Next.js experience.},
	language = {en},
	urldate = {2025-08-03},
	author = {minutes, Get started in},
}

@misc{cloudflareMainPage,
    title = {Cloudflare {Pages}},
	url = {https://pages.cloudflare.com/},
	abstract = {Build your next application with Cloudflare Pages},
	language = {en},
	urldate = {2025-08-03},
}

@misc{cloudflareWorkersMainPage,
    title = {Cloudflare {Workers} {\textbar} {Build} and deploy code with {Easy}-to {Use} {Developer} {Tools}},
	url = {https://www.cloudflare.com/developer-platform/products/workers/},
	abstract = {Build great software while Cloudflare manages the overhead of configuring and maintaining the infrastructure.},
	language = {en-gb},
	urldate = {2025-08-03},
}

@misc{APIReferenceEdgeRuntime,
    title = {{API} {Reference}: {Edge} {Runtime} {\textbar} {Next}.js},
	shorttitle = {{API} {Reference}},
	url = {https://nextjs.org/docs/app/api-reference/edge},
	abstract = {API Reference for the Edge Runtime.},
	language = {en},
	urldate = {2025-08-03},
}

@misc{Next.jsCloudflareDocs,
    title = {Next.js},
	url = {https://developers.cloudflare.com/workers/framework-guides/web-apps/nextjs/},
	abstract = {Create an Next.js application and deploy it to Cloudflare Workers with Workers Assets.},
	language = {en},
	urldate = {2025-08-03},
	journal = {Cloudflare Docs},
	month = jul,
	year = {2025},
}

@misc{next.js/examples/with-docker,
    title = {next.js/examples/with-docker at canary · vercel/next.js},
	url = {https://github.com/vercel/next.js/tree/canary/examples/with-docker},
	abstract = {The React Framework. Contribute to vercel/next.js development by creating an account on GitHub.},
	language = {en},
	urldate = {2025-08-03},
	journal = {GitHub},
}

@misc{next.js/examples/with-docker/Dockerfile,
    title = {next.js/examples/with-docker at canary · vercel/next.js},
	url = {https://github.com/vercel/next.js/tree/canary/examples/with-docker},
	abstract = {The React Framework. Contribute to vercel/next.js development by creating an account on GitHub.},
	language = {en},
	urldate = {2025-08-03},
	journal = {GitHub},
}

@misc{ngrokMain,
    title = {{API} gateway for developers \& devops {\textbar} ngrok},
	url = {https://ngrok.com/use-cases/api-gateway},
	abstract = {Ship APIs faster with ngrok’s API Gateway as-a-service. Deliver APIs globally with frictionless API traffic management.},
	language = {en},
	urldate = {2025-08-02},
	file = {Snapshot:/home/dlut/Zotero/storage/LHICPI2T/api-gateway.html:text/html},
}

@misc{ngrokMainDocs,
    title = {Get started with ngrok's {API} gateway {\textbar} ngrok documentation},
	url = {https://ngrok.com/docs/guides/api-gateway/get-started/},
	abstract = {You've developed a world-class API, and now you want to make it available online.},
	language = {en},
	urldate = {2025-08-03},
	month = aug,
	year = {2025},
}